@inproceedings{jiangCourse,
  title={The material point method for simulating continuum materials},
  author={Jiang, Chenfanfu and Schroeder, Craig and Teran, Joseph and Stomakhin, Alexey and Selle, Andrew},
  booktitle={ACM SIGGRAPH 2016 Courses},
  pages={24},
  year={2016},
  organization={ACM}
}

@article{jiang2015,
  title={The affine particle-in-cell method},
  author={Jiang, Chenfanfu and Schroeder, Craig and Selle, Andrew and Teran, Joseph and Stomakhin, Alexey},
  journal={ACM Transactions on Graphics (TOG)},
  volume={34},
  number={4},
  pages={51},
  year={2015},
  publisher={ACM}
}

@article{foster1996,
  title={Realistic animation of liquids},
  author={Foster, Nick and Metaxas, Dimitri},
  journal={Graphical models and image processing},
  volume={58},
  number={5},
  pages={471--483},
  year={1996}
}

@article{zhu2005,
  title={Animating sand as a fluid},
  author={Zhu, Yongning and Bridson, Robert},
  journal={ACM Transactions on Graphics (TOG)},
  volume={24},
  number={3},
  pages={965--972},
  year={2005},
  publisher={ACM}
}

@article{stomakhin2013,
  title={A material point method for snow simulation},
  author={Stomakhin, Alexey and Schroeder, Craig and Chai, Lawrence and Teran, Joseph and Selle, Andrew},
  journal={ACM Transactions on Graphics (TOG)},
  volume={32},
  number={4},
  pages={102},
  year={2013},
  publisher={ACM}
}

@article{stomakhin2014,
  title={Augmented MPM for phase-change and varied materials},
  author={Stomakhin, Alexey and Schroeder, Craig and Jiang, Chenfanfu and Chai, Lawrence and Teran, Joseph and Selle, Andrew},
  journal={ACM Transactions on Graphics (TOG)},
  volume={33},
  number={4},
  pages={138},
  year={2014},
  publisher={ACM}
}

@article{hu2018,
  title={A moving least squares material point method with displacement discontinuity and two-way rigid body coupling},
  author={Hu, Yuanming and Fang, Yu and Ge, Ziheng and Qu, Ziyin and Zhu, Yixin and Pradhana, Andre and Jiang, Chenfanfu},
  journal={ACM Transactions on Graphics (TOG)},
  volume={37},
  number={4},
  pages={150},
  year={2018},
  publisher={ACM}
}

@article{gingold1977,
  title={Smoothed particle hydrodynamics: theory and application to non-spherical stars},
  author={Gingold, Robert A and Monaghan, Joseph J},
  journal={Monthly notices of the royal astronomical society},
  volume={181},
  number={3},
  pages={375--389},
  year={1977},
  publisher={Oxford University Press Oxford, UK}
}

@article{monaghan1992,
  title={Smoothed particle hydrodynamics},
  author={Monaghan, Joe J},
  journal={Annual review of astronomy and astrophysics},
  volume={30},
  number={1},
  pages={543--574},
  year={1992},
  publisher={Annual Reviews 4139 El Camino Way, PO Box 10139, Palo Alto, CA 94303-0139, USA}
}

@inproceedings{muller2003,
  title={Particle-based fluid simulation for interactive applications},
  author={M{\"u}ller, Matthias and Charypar, David and Gross, Markus},
  booktitle={Proceedings of the 2003 ACM SIGGRAPH/Eurographics symposium on Computer animation},
  pages={154--159},
  year={2003},
  organization={Eurographics Association}
}

@article{lucy1977,
  title={A numerical approach to the testing of the fission hypothesis},
  author={Lucy, Leon B},
  journal={The astronomical journal},
  volume={82},
  pages={1013--1024},
  year={1977}
}

@book{bridson2015,
  title={Fluid simulation for computer graphics},
  author={Bridson, Robert},
  year={2015},
  publisher={AK Peters/CRC Press}
}

@article{fu2017,
  title={A polynomial particle-in-cell method},
  author={Fu, Chuyuan and Guo, Qi and Gast, Theodore and Jiang, Chenfanfu and Teran, Joseph},
  journal={ACM Transactions on Graphics (TOG)},
  volume={36},
  number={6},
  pages={222},
  year={2017},
  publisher={ACM}
}

@article{hu2018,
  title={A moving least squares material point method with displacement discontinuity and two-way rigid body coupling},
  author={Hu, Yuanming and Fang, Yu and Ge, Ziheng and Qu, Ziyin and Zhu, Yixin and Pradhana, Andre and Jiang, Chenfanfu},
  journal={ACM Transactions on Graphics (TOG)},
  volume={37},
  number={4},
  pages={150},
  year={2018},
  publisher={ACM}
}

@article{goldade2019,
  title={An Adaptive Variational Finite Difference Framework for Efficient Symmetric Octree Viscosity},
  journal={ACM Transactions on Graphics (TOG), submitted}
}

@article{brackbill1988,
  title={The ringing instability in particle-in-cell calculations of low-speed flow},
  author={Brackbill, JU},
  journal={Journal of Computational Physics},
  volume={75},
  number={2},
  pages={469--492},
  year={1988},
  publisher={Elsevier}
}

@techreport{harlow1962,
  title={The particle-in-cell method for numerical solution of problems in fluid dynamics},
  author={Harlow, Francis H},
  year={1962},
  institution={Los Alamos Scientific Lab., N. Mex.}
}

@article{harlow1965,
  title={Numerical calculation of time-dependent viscous incompressible flow of fluid with free surface},
  author={Harlow, Francis H and Welch, J Eddie},
  journal={The physics of fluids},
  volume={8},
  number={12},
  pages={2182--2189},
  year={1965},
  publisher={AIP}
}

@article{brackbill1986,
  title={FLIP: A method for adaptively zoned, particle-in-cell calculations of fluid flows in two dimensions},
  author={Brackbill, Jeremiah U and Ruppel, Hans M},
  journal={Journal of Computational physics},
  volume={65},
  number={2},
  pages={314--343},
  year={1986},
  publisher={Elsevier}
}

@MISC{eigen,
 author = {Ga\"{e}l Guennebaud and Beno\^{i}t Jacob and others},
 title = {Eigen v3},
 howpublished = {http://eigen.tuxfamily.org},
 year = {2010}
}

@article{ralston1962,
  title={Runge-Kutta methods with minimum error bounds},
  author={Ralston, Anthony},
  journal={Mathematics of computation},
  volume={16},
  number={80},
  pages={431--437},
  year={1962},
  publisher={JSTOR}
}
